@article{wheeler:xxtea,
    author={Wheeler, David J. and Needham, Roger M.},
    title={Correction to xtea},
    institution={Computer Laboratory, Cambridge University, England},
    month={October},
    year={1998},
}

@techreport{needham:xtea,
    author = {Needham, Roger M. and Wheeler, David J.},
    institution = {University of Cambridge},
    month = {October},
    title = {TEA Extensions},
    year = {1997}
}

@misc{openbeacon,
    author={The OpenBeacon Project},
    title={OpenBeacon: A Free Active 2.4GHz Beacon Design},
    url={http://www.openbeacon.org/},
}
